@article{cfl,
author = {Courant R., Friedrichs K. and Lewy H. Math. Ann.},
title = {Über die partiellen Differenzengleichungen der mathematischen Physik},
journal = {Springer-Verlag},
year = {1928},
doi = {10.1111/j.1745-3933.2007.00389.x},
URL = {https://doi.org/10.1007/BF01448839},
}

@article{courant,
author = {Courant R., Isaacson E. and Rees M.},
title = {On the Solution of Nonlinear Hyperbolic Differential Equations by Finite Differences},
journal = {Comm. Pure Appl. Math. 5},
year = {1952},
pages = {243-255},
doi = {10.1002/cpa.3160050303}
}

@article{bruneau,
author = {Bruneau C.H.and Jouron C.},
title = {An efficient scheme for solving steady incompressible Navier-Stokes equations},
journal = {J. Comput.Phys. 89},
year = {1990},
pages = {389–413}
}
@article{burger,
author = {Burggraf O.R.},
title = {Analytical and numerical studies of the structure of steady separated flows},
journal = {J. Fluid Mech. 24 },
year = {1966},
pages = {113–151}
}
@article{tamer,
author = {Tamer A. AbdelMigid, Khalid M. Saqr, Mohamed A. Kotb and Ahmed A. Aboelfarag},
title = {Revisiting the lid-driven cavity flow problem: Review and new steady state benchmarking results using GPU
accelerated code},
year = {2016},
doi = {10.1111/j.1745-3933.2007.00389.x},
URL = {http://dx.doi.org/10.1016/j.aej.2016.09.013},
}

@article{ghia,
author = {Ghia U., Ghia K.N. and Shin C.T.},
title = {High-Re Solutions for Incompressible Flow Using the Navier-Strokes Equation and a Multigrid Method },
year = {1982},
}

@book{Pedlosky, 
  author = 	 {Pedlosky, Joseph},
  title = 	 {Geophysical Fluid Dynamics},
  publisher = 	 {Springer},
  year = 	 {1987},
}

@book{anderson1995computational,
  title={Computational Fluid Dynamics},
  author={Anderson, J.},
  isbn={9780070016859},
  lccn={94021237},
  series={Computational Fluid Dynamics: The Basics with Applications},
  url={https://books.google.co.in/books?id=dJceAQAAIAAJ},
  year={1995},
  publisher={McGraw-Hill Education}
}

