@article{Wei:2011:TOS:1997426.1997448,
 author = {Wei, Lingyun and Tang, Tianbing and Xie, Xianghong and Shen, Wenjie},
 title = {Truss Optimization on Shape and Sizing with Frequency Constraints Based on Parallel Genetic Algorithm},
 journal = {Struct. Multidiscip. Optim.},
 issue_date = {May       2011},
 volume = {43},
 number = {5},
 month = may,
 year = {2011},
 issn = {1615-147X},
 pages = {665--682},
 numpages = {18},
 url = {http://dx.doi.org/10.1007/s00158-010-0600-0},
 doi = {10.1007/s00158-010-0600-0},
 acmid = {1997448},
 publisher = {Springer-Verlag New York, Inc.},
 address = {Secaucus, NJ, USA},
 keywords = {Frequency constraints, Genetic algorithm, Parallel computing, Structural optimization, Truss optimization},
}