@book{ReddyJ.N.JunuthulaNarasimha2006Aitt,
series = {McGraw-Hill series in mechanical engineering},
isbn = {9780072466850},
year = {2006},
title = {An introduction to the finite element method},
edition = {Third edition..},
language = {eng},
author = {Reddy, J. N. (Junuthula Narasimha)},
keywords = {Finite element method; Electronic books},
}

